@book{deeplearningbook,
    title={Deep Learning},
    author={Ian Goodfellow and Yoshua Bengio and Aaron Courville},
    publisher={MIT Press},
    url={http://www.deeplearningbook.org},
    year={2016}
}


@article{CNNdefinition,
  author    = {Linan Zhang and
               Hayden Schaeffer},
  title     = {Forward Stability of ResNet and Its Variants},
  journal   = {CoRR},
  volume    = {abs/1811.09885},
  year      = {2018},
  url       = {http://arxiv.org/abs/1811.09885},
  archivePrefix = {arXiv},
  eprint    = {1811.09885},
  timestamp = {Fri, 30 Nov 2018 12:44:28 +0100},
  biburl    = {https://dblp.org/rec/journals/corr/abs-1811-09885.bib},
  bibsource = {dblp computer science bibliography, https://dblp.org}
}


@article{surveyODEforDL,
  author    = {Xinshi Chen},
  title     = {Review: Ordinary Differential Equations For Deep Learning},
  journal   = {CoRR},
  volume    = {abs/1911.00502},
  year      = {2019},
  url       = {http://arxiv.org/abs/1911.00502},
  archivePrefix = {arXiv},
  eprint    = {1911.00502},
  timestamp = {Mon, 11 Nov 2019 18:38:09 +0100},
  biburl    = {https://dblp.org/rec/journals/corr/abs-1911-00502.bib},
  bibsource = {dblp computer science bibliography, https://dblp.org}
}

@book{math_history,
   title =     {Mathematical thought from ancient to modern times},
   author =    {Morris Kline},
   publisher = {Oxford University Press},
   isbn =      {9780195061352,0195061357},
   year =      {1990},
   series =    {},
   edition =   {},
   volume =    {Volume 1},
   url =       {http://gen.lib.rus.ec/book/index.php?md5=19cf0e3918634e793f7165c2cff7560c}
}

@book{Numerical_methods_ode,
   title =     {Numerical Methods for Ordinary Differential Equations: Initial Value Problems},
   author =    {David F. Griffiths, Desmond J. Higham (auth.)},
   publisher = {Springer},
   isbn =      {0857291475,9780857291479},
   year =      {2010},
   series =    {Springer Undergraduate Mathematics Series},
   edition =   {1},
   volume =    {},
   url =       {http://gen.lib.rus.ec/book/index.php?md5=61c367a31fbe7d8fd1e1a9129ced0b95}
}

@book{book:110336,
   title =     {Numerical methods for ordinary differential equations},
   author =    {John C. Butcher},
   publisher = {Wiley},
   isbn =      {0470723351,9780470723357,9780470753750},
   year =      {2008},
   series =    {},
   edition =   {2nd ed},
   volume =    {},
   url =       {http://gen.lib.rus.ec/book/index.php?md5=73811b494cfc76c3ba4a55c84ff3f176}
}

@book{spivak,
   title =     {Calculus},
   author =    {Michael Spivak},
   publisher = {Publish or Perish},
   isbn =      {0914098896,9780914098898},
   year =      {1994},
   series =    {},
   edition =   {3},
   volume =    {},
   url =       {http://gen.lib.rus.ec/book/index.php?md5=bc06c032681c119665103e7c77f72724}
   
}

@book{Mitchell,
   title =     {Machine Learning},
   author =    {Tom M. Mitchell},
   publisher = {McGraw-Hill},
   isbn =      {9780070428072,0070428077},
   year =      {1997},
   series =    {McGraw-Hill series in computer science},
   edition =   {1},
   volume =    {},
   url =       {http://gen.lib.rus.ec/book/index.php?md5=f3aa83fb7adab9c8675871a717db6231}
}